@article{cruz2006applications,
  title={Applications of machine learning in cancer prediction and prognosis},
  author={Cruz, Joseph A and Wishart, David S},
  journal={Cancer informatics},
  volume={2},
  pages={59},
  year={2006},
  publisher={SAGE Publications}
}
@book{chen1993linear,
  title={Linear Networks and Systems: Algorithms and Computer-Aided Implementations: Problems and Solutions},
  author={Chen, Wai-Kai},
  year={1993},
  publisher={World Scientific}
}
@article{bartsch2016use,
  title={Use of artificial intelligence and machine learning algorithms with gene expression profiling to predict recurrent nonmuscle invasive urothelial carcinoma of the bladder},
  author={Bartsch, Georg and Mitra, Anirban P and Mitra, Sheetal A and Almal, Arpit A and Steven, Kenneth E and Skinner, Donald G and Fry, David W and Lenehan, Peter F and Worzel, William P and Cote, Richard J},
  journal={The Journal of urology},
  volume={195},
  number={2},
  pages={493--498},
  year={2016},
  publisher={Elsevier}
}
@article{zhang2017radiomic,
  title={Radiomic Machine-Learning Classifiers for Prognostic Biomarkers of Advanced Nasopharyngeal Carcinoma},
  author={Zhang, Bin and He, Xin and Ouyang, Fusheng and Gu, Dongsheng and Dong, Yuhao and Zhang, Lu and Mo, Xiaokai and Huang, Wenhui and Tian, Jie and Zhang, Shuixing},
  journal={Cancer Letters},
  year={2017},
  publisher={Elsevier}
}
@article{yu2017sparse,
  title={Sparse coding extreme learning machine for classification},
  author={Yu, Yuanlong and Sun, Zhenzhen},
  journal={Neurocomputing},
  year={2017},
  publisher={Elsevier}
}
@article{moorthy2017classification,
  title={Classification of carcinogenic and mutagenic properties using machine learning method},
  author={Moorthy, NS Hari Narayana and Kumar, Surendra and Poongavanam, Vasanthanathan},
  journal={Computational Toxicology},
  volume={3},
  pages={33--43},
  year={2017},
  publisher={Elsevier}
}
@article{maniruzzaman2017comparative,
  title={Comparative Approaches for Classification of Diabetes Mellitus Data: Machine Learning Paradigm},
  author={Maniruzzaman, Md and Kumar, Nishith and Abedin, Md Menhazul and Islam, Md Shaykhul and Suri, Harman S and El-Baz, Ayman S and Suri, Jasjit S},
  journal={Computer Methods and Programs in Biomedicine},
  year={2017},
  publisher={Elsevier}
}
@article{imbus2017machine,
  title={Machine learning to identify multigland disease in primary hyperparathyroidism},
  author={Imbus, Joseph R and Randle, Reese W and Pitt, Susan C and Sippel, Rebecca S and Schneider, David F},
  journal={Journal of Surgical Research},
  volume={219},
  pages={173--179},
  year={2017},
  publisher={Elsevier}
}
@article{sattlecker2014current,
  title={Current trends in machine-learning methods applied to spectroscopic cancer diagnosis},
  author={Sattlecker, Martina and Stone, Nicholas and Bessant, Conrad},
  journal={TrAC Trends in Analytical Chemistry},
  volume={59},
  pages={17--25},
  year={2014},
  publisher={Elsevier}
}

@article{kawata2017impact,
  title={Impact of pixel-based machine-learning techniques on automated frameworks for delineation of gross tumor volume regions for stereotactic body radiation therapy},
  author={Kawata, Yasuo and Arimura, Hidetaka and Ikushima, Koujirou and Jin, Ze and Morita, Kento and Tokunaga, Chiaki and Yabu-uchi, Hidetake and Shioyama, Yoshiyuki and Sasaki, Tomonari and Honda, Hiroshi and others},
  journal={Physica Medica},
  volume={42},
  pages={141--149},
  year={2017},
  publisher={Elsevier}
}

%added 27-Sept-2017 MJC - not sure how to poperly handle this on and not sure its right
@article{imageClassification,
  title={ImageNet Classification with Deep Convolutional Neural Networks},
  author={Alex Krizhevsky, Ilya Sutskever, and Geoffrey E. Hinton},
}
%http://www.cs.toronto.edu/~fritz/absps/imagenet.pdf

@article{xia2017ultrasound,
  title={Ultrasound-based differentiation of malignant and benign thyroid Nodules: An extreme learning machine approach},
  author={Xia, Jianfu and Chen, Huiling and Li, Qiang and Zhou, Minda and Chen, Limin and Cai, Zhennao and Fang, Yang and Zhou, Hong},
  journal={Computer Methods and Programs in Biomedicine},
  volume={147},
  pages={37--49},
  year={2017},
  publisher={Elsevier}
}
@article{tuncc2015semantics,
  title={Semantics of object representation in machine learning},
  author={Tun{\c{c}}, Birkan},
  journal={Pattern Recognition Letters},
  volume={64},
  pages={30--36},
  year={2015},
  publisher={Elsevier}
}
@inproceedings{abdrabou2010breast,
  title={A breast cancer classifier based on a combination of case-based reasoning and ontology approach},
  author={Abdrabou, Essam Amin M Lotfy and Salem, AbdEl-Badeeh M},
  booktitle={Computer science and information technology (imcsit), proceedings of the 2010 international multiconference on},
  pages={3--10},
  year={2010},
  organization={IEEE}
}
@inproceedings{abdrabou2010breast,
  title={A breast cancer classifier based on a combination of case-based reasoning and ontology approach},
  author={Abdrabou, Essam Amin M Lotfy and Salem, AbdEl-Badeeh M},
  booktitle={Computer science and information technology (imcsit), proceedings of the 2010 international multiconference on},
  pages={3--10},
  year={2010},
  organization={IEEE}
}
@article{tosun2009object,
  title={Object-oriented texture analysis for the unsupervised segmentation of biopsy images for cancer detection},
  author={Tosun, Akif Burak and Kandemir, Melih and Sokmensuer, Cenk and Gunduz-Demir, Cigdem},
  journal={Pattern Recognition},
  volume={42},
  number={6},
  pages={1104--1112},
  year={2009},
  publisher={Elsevier}
}
@article{zhao2016object,
  title={Object-oriented regression for building predictive models with high dimensional omics data from translational studies},
  author={Zhao, Lue Ping and Bolouri, Hamid},
  journal={Journal of biomedical informatics},
  volume={60},
  pages={431--445},
  year={2016},
  publisher={Elsevier}
}